<record><leader>00000cas a22000007a 4500</leader><controlfield tag="001">17559273</controlfield><controlfield tag="008">880301d18601860ohuwr ne      0    0eng d</controlfield><datafield ind1=" " ind2=" " tag="010"><subfield code="a">sn 88077269 </subfield></datafield><datafield ind1=" " ind2=" " tag="040"><subfield code="a">ONP</subfield><subfield code="b">eng</subfield><subfield code="c">ONP</subfield><subfield code="d">OCLCQ</subfield></datafield><datafield ind1=" " ind2=" " tag="042"><subfield code="a">msc</subfield></datafield><datafield ind1="0" ind2=" " tag="130"><subfield code="a">National Democrat (Eaton, Ohio)</subfield></datafield><datafield ind1="1" ind2="0" tag="245"><subfield code="a">National Democrat.</subfield></datafield><datafield ind1=" " ind2=" " tag="260"><subfield code="a">Eaton, O. [Ohio] :</subfield><subfield code="b">Breckinridge Committee,</subfield><subfield code="c">1860.</subfield></datafield><datafield ind1=" " ind2=" " tag="310"><subfield code="a">Weekly</subfield></datafield><datafield ind1="0" ind2=" " tag="362"><subfield code="a">Vol. 1, no. 1 (Aug. 4, 1860)-v. 1, no. 14 (Nov. 3, 1860).</subfield></datafield><datafield ind1=" " ind2=" " tag="752"><subfield code="a">United States</subfield><subfield code="b">Ohio</subfield><subfield code="c">Preble</subfield><subfield code="d">Eaton.</subfield></datafield></record>